<?xml version="1.0" encoding="UTF-8"?><collection xmlns="http://www.loc.gov/MARC21/slim"><record><leader>00499nam--2200133-i-4500</leader><controlfield tag="001">000014568</controlfield><controlfield tag="002">20161230</controlfield><controlfield tag="005">20161230201030</controlfield><controlfield tag="008">060222s1000------------r-----000-0-eng-d</controlfield><datafield ind1=" " ind2=" " tag="100"><subfield code="a">Grant, W.A. , R.P.M. Proct</subfield></datafield><datafield ind1=" " ind2=" " tag="260"><subfield code="a">Ion Implantation Into Metals. Proceedings Of The 3rd International Conference On Modifica- Tion Of Surface Properties Of Metals By Ion Implantation, Held At Umist, Manchester, Uk 23-26 June 1981</subfield></datafield><datafield ind1=" " ind2=" " tag="490"><subfield code="a">Proceeding</subfield></datafield><datafield ind1=" " ind2=" " tag="700"><subfield code="a">Ashworth, A</subfield></datafield><datafield ind1=" " ind2=" " tag="852"><subfield code="a">537.57:538.971:669.017.1</subfield></datafield></record></collection>